@Article{oliveira:SSP:2012,
  Title                    = {{Simplification of symbolic polynomials on non-commutative variables}},
  Author                   = {de~Oliveira, Mauricio C.},
  Journal                  = {Linear Algebra and its Applications},
  Year                     = {2012},
  Number                   = {7},
  Pages                    = {1734--1748},
  Volume                   = {437},

  Bdsk-url-1               = {http://www.sciencedirect.com/science/article/pii/S0024379512003679},
  Bdsk-url-2               = {http://dx.doi.org/10.1016/j.laa.2012.05.015},
  Date-added               = {2012-08-08 11:52:23 -0700},
  Date-modified            = {2012-08-08 13:59:36 -0700},
  Doi                      = {10.1016/j.laa.2012.05.015},
  ISSN                     = {0024-3795},
  Keywords                 = {Symbolic computation and algorithms}
}

@article{camino:MIS:2003,
	author = "Camino, Juan F. and Helton, John William and Skelton, Robert E. and Ye, Jieping",
	date-modified = "2011-08-08 14:05:26 -0700",
	journal = "Integral Equation and Operator Theory",
	number = "4",
	pages = "399--454",
	title = "{Matrix Inequalities: a Symbolic Procedure to Determine Convexity Automatically}",
	volume = "46",
	year = "2003"
}

@article{mora:ICN:1994,
    author = "Teo Mora",
    title = "An introduction to commutative and noncommutative Groebner Bases",
    journal = "Theoretical Computer Science",
    volume = "134",
    pages = "131--173",
    year = "1994"
}